<record><leader>00000cas a22000007a 4500</leader><controlfield tag="001">21170946</controlfield><controlfield tag="008">900305d1885188upauwr ne      0    0eng d</controlfield><datafield ind1=" " ind2=" " tag="010"><subfield code="a">sn 90069177 </subfield></datafield><datafield ind1=" " ind2=" " tag="040"><subfield code="a">NPH</subfield><subfield code="b">eng</subfield><subfield code="c">NPH</subfield><subfield code="d">OCLCQ</subfield></datafield><datafield ind1=" " ind2=" " tag="042"><subfield code="a">msc</subfield></datafield><datafield ind1="0" ind2="4" tag="245"><subfield code="a">The Newville times.</subfield></datafield><datafield ind1="3" ind2="0" tag="246"><subfield code="a">Times</subfield></datafield><datafield ind1=" " ind2=" " tag="260"><subfield code="a">Newville, Pa. :</subfield><subfield code="b">J.W. Strohm,</subfield><subfield code="c">1885-</subfield></datafield><datafield ind1=" " ind2=" " tag="300"><subfield code="a">v.</subfield></datafield><datafield ind1=" " ind2=" " tag="310"><subfield code="a">Weekly</subfield></datafield><datafield ind1="0" ind2=" " tag="362"><subfield code="a">Vol. 5, no. 29 (Nov. 19, 1885)-</subfield></datafield><datafield ind1=" " ind2=" " tag="500"><subfield code="a">Published as: Times, May 6-Sept. 30, 1886.</subfield></datafield><datafield ind1=" " ind2=" " tag="752"><subfield code="a">United States</subfield><subfield code="b">Pennsylvania</subfield><subfield code="c">Cumberland</subfield><subfield code="d">Newville.</subfield></datafield><datafield ind1="0" ind2="0" tag="780"><subfield code="t">Plainfield times</subfield><subfield code="w">(DLC)sn 90069176</subfield></datafield><datafield ind1="0" ind2="0" tag="785"><subfield code="t">Times (Newville, Pa.)</subfield><subfield code="w">(DLC)sn 86063581</subfield></datafield></record>